

@article{michnicki2014,
  title={3d topological quantum memory with a power-law energy barrier},
  author={Michnicki, Kamil P},
  journal={Physical review letters},
  volume={113},
  number={13},
  pages={130501},
  year={2014},
  publisher={APS}
}

@inproceedings{brown2016,
  title={Correlation decay and tractability of CSPs},
  author={Brown-Cohen, Jonah and Raghavendra, Prasad},
  booktitle={LIPIcs-Leibniz International Proceedings in Informatics},
  volume={55},
  year={2016},
  organization={Schloss Dagstuhl-Leibniz-Zentrum fuer Informatik}
}

@article{kovalev2018,
  title={Numerical and analytical bounds on threshold error rates for hypergraph-product codes},
  author={Kovalev, Alexey A and Prabhakar, Sanjay and Dumer, Ilya and Pryadko, Leonid P},
  journal={arXiv preprint arXiv:1804.01950},
  year={2018}
}

@article{Duclos-Cianci2010,
        Abstract = {We present a family of algorithms, combining
                   real-space renormalization methods and belief
                   propagation, to estimate the free energy of a 
                   topologically ordered system in the presence of
                   defects. Such an algorithm is needed to preserve the
                   quantum information stored in the ground space of a 
                   topologically ordered system and to decode
                   topological error-correcting codes. For a system of
                   linear size L, our algorithm runs in time log L
                   compared to L^6 needed for the minimum-weight perfect
                   matching algorithm previously used in this context
                   and achieves a higher depolarizing error threshold.},
        Archiveprefix = {arXiv},
        Author = {Guillaume Duclos-Cianci and David Poulin},
        Date-Modified = {2013-10-21 07:40:22 +0000},
        Doi = {10.1103/PhysRevLett.104.050504},
        Eprint = {0911.0581},
        Journal = {Phys. Rev. Lett.},
        Pages = {050504},
        Title = {Fast Decoders for Topological Quantum Codes},
        Volume = {104},
        Year = {2010},
        Bdsk-Url-1 = {http://arxiv.org/abs/0911.0581}}


@article{bravyi2014,
  title={Efficient algorithms for maximum likelihood decoding in the surface code},
  author={Bravyi, Sergey and Suchara, Martin and Vargo, Alexander},
  journal={Physical Review A},
  volume={90},
  number={3},
  pages={032326},
  year={2014},
  publisher={APS}
}

@inproceedings{kovalev2012,
  title={Improved quantum hypergraph-product LDPC codes},
  author={Kovalev, Alexey A and Pryadko, Leonid P},
  booktitle={Information Theory Proceedings (ISIT), 2012 IEEE International Symposium on},
  pages={348--352},
  year={2012},
  organization={IEEE}
}

